<?xml version="1.0" encoding="UTF-8"?><collection xmlns="http://www.loc.gov/MARC21/slim"><record><leader>00453nam--2200181-i-4500</leader><controlfield tag="001">000020687</controlfield><controlfield tag="002">20161230</controlfield><controlfield tag="005">20161230201033</controlfield><controlfield tag="008">060222s1000------------r-----000-0-rum-d</controlfield><datafield ind1=" " ind2=" " tag="040"><subfield code="a">IFIN-HH</subfield></datafield><datafield ind1=" " ind2=" " tag="041"><subfield code="a">rum</subfield></datafield><datafield ind1=" " ind2=" " tag="080"><subfield code="a">517.544:532</subfield></datafield><datafield ind1="1" ind2=" " tag="100"><subfield code="a">Iacob, Caius</subfield></datafield><datafield ind1="1" ind2="0" tag="245"><subfield code="a">Introducere matematica in mecanica fluidelor</subfield><subfield code="c">Caius Iacob</subfield></datafield><datafield ind1=" " ind2=" " tag="260"><subfield code="a">Bucuresti, Ed R.P.R., 1952</subfield></datafield><datafield ind1=" " ind2=" " tag="300"><subfield code="a">838 P</subfield></datafield><datafield ind1=" " ind2=" " tag="852"><subfield code="a">2821</subfield><subfield code="c">532</subfield></datafield><datafield ind1=" " ind2=" " tag="CAT"><subfield code="a">Sys</subfield><subfield code="c">20100712</subfield><subfield code="h">104653</subfield></datafield></record></collection>